<?xml version="1.0" encoding="UTF-8"?><collection xmlns="http://www.loc.gov/MARC21/slim"><record><leader>00422nam--2200181-i-4500</leader><controlfield tag="001">000004743</controlfield><controlfield tag="002">20161230</controlfield><controlfield tag="005">20161230201026</controlfield><controlfield tag="008">060222s1000------------r-----000-0-fre-d</controlfield><datafield ind1=" " ind2=" " tag="040"><subfield code="a">IFIN-HH</subfield></datafield><datafield ind1=" " ind2=" " tag="041"><subfield code="a">fre</subfield></datafield><datafield ind1=" " ind2=" " tag="080"><subfield code="a">535.333</subfield></datafield><datafield ind1="1" ind2=" " tag="100"><subfield code="a">Chretien, H</subfield></datafield><datafield ind1="1" ind2="0" tag="245"><subfield code="a">Calcul des combinaisons optiques</subfield><subfield code="c">H. chretien</subfield></datafield><datafield ind1=" " ind2=" " tag="260"><subfield code="a">Paris</subfield><subfield code="c">1959</subfield></datafield><datafield ind1=" " ind2=" " tag="300"><subfield code="a">862 P</subfield></datafield><datafield ind1=" " ind2=" " tag="852"><subfield code="a">14569</subfield><subfield code="c">535</subfield></datafield><datafield ind1=" " ind2=" " tag="CAT"><subfield code="a">Sys</subfield><subfield code="c">20101019</subfield><subfield code="h">121841</subfield></datafield></record></collection>